@article{chu, title={Information Visualization in the NBA: The Shot Chart}, journal={Association for Computing Machinery}, author={Chu, Stephen}}

@article{chen,
 author = {Chen, Wei and Lao, Tianyi and Xia, Jing and Huang, Xinxin and Zhu, Biao and Hu, Wanqi and Guan, Huihua},
 title = {GameFlow: Narrative Visualization of NBA Basketball Games},
 journal = {Trans. Multi.},
 issue_date = {November 2016},
 volume = {18},
 number = {11},
 month = nov,
 year = {2016},
 issn = {1520-9210},
 pages = {2247--2256},
 numpages = {10},
 url = {https://doi.org/10.1109/TMM.2016.2614221},
 doi = {10.1109/TMM.2016.2614221},
 acmid = {3026587},
 publisher = {IEEE Press},
 address = {Piscataway, NJ, USA},
} 

@article{pagno, title={NBAVis: Visualizing National Basketball Association Information}, author={Pagno, Bruno and Guedes, Leandro and Freitas, Carla and Nedel, Luciana}}

@article{reyna, title={A Simple Visualization Tool for NBA Statistics}, author={Nijhawan, Kush and Proulx, Ian and Reyna, John}}