@ARTICLE{chu, title={Information Visualization in the NBA: The Shot Chart}, journal={Association for Computing Machinery}, author={Chu, Stephen}}

@ARTICLE{chen,
 author = {Chen, Wei and Lao, Tianyi and Xia, Jing and Huang, Xinxin and Zhu, Biao and Hu, Wanqi and Guan, Huihua},
 title = {GameFlow: Narrative Visualization of NBA Basketball Games},
 journal = {Trans. Multi.},
 issue_date = {November 2016},
 volume = {18},
 number = {11},
 month = nov,
 year = {2016},
 issn = {1520-9210},
 pages = {2247--2256},
 numpages = {10},
 url = {https://doi.org/10.1109/TMM.2016.2614221},
 doi = {10.1109/TMM.2016.2614221},
 acmid = {3026587},
 publisher = {IEEE Press},
 address = {Piscataway, NJ, USA},
} 

@ARTICLE{pagno, title={NBAVis: Visualizing National Basketball Association Information}, author={Pagno, Bruno and Guedes, Leandro and Freitas, Carla and Nedel, Luciana}}

@ARTICLE{reyna, title={A Simple Visualization Tool for NBA Statistics}, author={Nijhawan, Kush and Proulx, Ian and Reyna, John}}




@misc{sen, title={Comparing NBA Stars to their Statistical Contemporaries: An Application of Machine Learning}, url={https://my3senths.com/2016/04/19/comparing-nba-stars-to-their-statistical-contemporaries-an-application-of-machine-learning/}, journal={My Three Senths: Sports. Business. Life.}, author={senth1s, /}, year={2016}, month={Apr}}

@misc{buc, title={Buckets: NBA Shot Visualization}, url={http://buckets.peterbeshai.com/app/#/playerView/201935_2015}, journal={Buckets: NBA Shot Visualization}}

@misc{vis, title={Visualizing the Yearly Salary of Professional Athletes, NBA Players Average $5 Million a Year}, url={http://www.visualnews.com/2013/10/31/visualizing-yearly-salary-professional-athletes-nba-players-average-5-million-year/}, journal={Visual News}, year={2013}, month={Nov}}

@misc{stu, title={Tag: NBA Visualization}, url={http://www.nbastuffer.com/tag/nba_visualization.html}, journal={NBAstuffer.com - NBA Visualization}}

@misc{swe, title={A focus on visualizations: Spider charts}, url={http://www.sweetspotintelligence.com/en/2014/08/06/focus-visualizations-spider-chart/}, journal={Sweetspot}, year={2015}, month={Dec}}

@misc{mia, title={The HEAT in Charts}, url={http://www.nba.com/heat/news/the_heat_in_charts_110322.html}, journal={THE OFFICIAL SITE OF THE MIAMI HEAT}}
